<collection xmlns="http://www.loc.gov/MARC21/slim">
<record>
  <leader>01585nam0a2200301 i 450 </leader>
  <controlfield tag="001">IT\ICCU\CNCE\003017</controlfield>
  <controlfield tag="005">20080310000000.0</controlfield>
  <datafield tag="012" ind1=" " ind2=" ">
    <subfield code="a">2.e- 5.o- 5.e. maas (3) 1523 (R)</subfield>
    <subfield code="2">fei</subfield>
  </datafield>
  <datafield tag="100" ind1=" " ind2=" ">
    <subfield code="a">19970101d1523        0itac0103    ba</subfield>
  </datafield>
  <datafield tag="101" ind1=" " ind2=" ">
    <subfield code="a">ITA</subfield>
  </datafield>
  <datafield tag="102" ind1=" " ind2=" ">
    <subfield code="a">IT</subfield>
  </datafield>
  <datafield tag="200" ind1="1" ind2=" ">
    <subfield code="a">Facetie, piaceuoleze, fabule e motti. Del piouano Arlotto prete fiorentino. Homo di grande inzegno. Opera molto dilecteuole vulgare in lingua toschana hystoriata &amp; nouamente impressa</subfield>
  </datafield>
  <datafield tag="210" ind1=" " ind2=" ">
    <subfield code="e">Impressum Mediolani</subfield>
    <subfield code="g">per Guilliermum le Signerre</subfield>
    <subfield code="g">impensis Io. Antonii de Lignano</subfield>
    <subfield code="h">1523 Die XXII mensis Iulii</subfield>
  </datafield>
  <datafield tag="215" ind1=" " ind2=" ">
    <subfield code="a">\8!, 89 c.</subfield>
    <subfield code="c">ill.</subfield>
    <subfield code="d">8ʻ</subfield>
  </datafield>
  <datafield tag="620" ind1=" " ind2=" ">
    <subfield code="a">IT</subfield>
    <subfield code="d">Milano</subfield>
  </datafield>
  <datafield tag="700" ind1=" " ind2="0">
    <subfield code="a">Arlotto Piovano</subfield>
    <subfield code="3">IT\ICCU\CNCA\000876</subfield>
  </datafield>
  <datafield tag="712" ind1="0" ind2="0">
    <subfield code="a">Le_Signerre, Guillaume</subfield>
    <subfield code="3">IT\ICCU\CNCT\000776</subfield>
    <subfield code="4">650</subfield>
  </datafield>
  <datafield tag="712" ind1="0" ind2="0">
    <subfield code="a">Da_Legnano, Giovanni Antonio</subfield>
    <subfield code="3">IT\ICCU\CNCT\001339</subfield>
    <subfield code="4">650</subfield>
  </datafield>
  <datafield tag="790" ind1=" " ind2="1">
    <subfield code="a">Mainardi,</subfield>
    <subfield code="b">Arlotto</subfield>
    <subfield code="3">IT\ICCU\CNCA\012709</subfield>
    <subfield code="z">Arlotto Piovano</subfield>
  </datafield>
  <datafield tag="790" ind1=" " ind2="0">
    <subfield code="a">Piovano Arlotto</subfield>
    <subfield code="3">IT\ICCU\CNCA\014859</subfield>
    <subfield code="z">Arlotto Piovano</subfield>
  </datafield>
  <datafield tag="791" ind1="0" ind2="0">
    <subfield code="a">Signerre, Guillermus de</subfield>
    <subfield code="3">IT\ICCU\CNCT\004948</subfield>
    <subfield code="z">Le_Signerre, Guillaume</subfield>
  </datafield>
  <datafield tag="791" ind1="0" ind2="0">
    <subfield code="a">Legnano, Giovanni Antonio da</subfield>
    <subfield code="3">IT\ICCU\CNCT\004466</subfield>
    <subfield code="z">Da_Legnano, Giovanni Antonio</subfield>
  </datafield>
  <datafield tag="791" ind1="0" ind2="0">
    <subfield code="a">Legnanus, Ioannes Antonius</subfield>
    <subfield code="3">IT\ICCU\CNCT\004467</subfield>
    <subfield code="z">Da_Legnano, Giovanni Antonio</subfield>
  </datafield>
  <datafield tag="801" ind1=" " ind2="3">
    <subfield code="a">IT</subfield>
    <subfield code="b">ICCU</subfield>
    <subfield code="c">20201113</subfield>
  </datafield>
  <datafield tag="899" ind1=" " ind2=" ">
    <subfield code="a">Biblioteca civica A. Mai. Bergamo</subfield>
    <subfield code="1">BG0026</subfield>
    <subfield code="2">LO1 02</subfield>
  </datafield>
  <datafield tag="899" ind1=" " ind2=" ">
    <subfield code="a">Biblioteca nazionale centrale. Firenze</subfield>
    <subfield code="z">MUTILO</subfield>
    <subfield code="1">FI0098</subfield>
    <subfield code="2">CFI CF</subfield>
  </datafield>
  <datafield tag="899" ind1=" " ind2=" ">
    <subfield code="a">Biblioteca di Ateneo dell&apos;Universit ̉cattolica del Sacro Cuore. Milano</subfield>
    <subfield code="1">MI0291</subfield>
    <subfield code="2">ZMI 18</subfield>
  </datafield>
  <datafield tag="899" ind1=" " ind2=" ">
    <subfield code="a">Biblioteca Estense Universitaria. Modena</subfield>
    <subfield code="1">MO0089</subfield>
    <subfield code="2">MOD BE</subfield>
  </datafield>
</record>
</collection>
